%% This BibTeX bibliography file was created using BibDesk.
%% https://bibdesk.sourceforge.io/

%% Created for Colin Bernet at 2019-01-07 14:39:51 +0100 


%% Saved with string encoding Unicode (UTF-8) 


@preamble{" \newcommand{\noop}[1]{#1} "}



@misc{colin-these,
	Author = {Colin Bernet},
	Date-Added = {2019-01-07 14:35:19 +0100},
	Date-Modified = {2019-01-07 14:35:19 +0100},
	Rating = {5},
	Read = {1},
	Title = {{Caract{\'e}risation des d{\'e}tecteurs Microm{\'e}gas et mesure de la polarisation des gluons sur COMPASS}},
	Url = {http://cds.cern.ch/record/1482660},
	Year = {2004},
	Bdsk-Url-1 = {http://irfu.cea.fr/Phocea/file.php?class=std&&file=Doc/Publications/Archives/dapnia-04-10-T.pdf}}

@url{fcc-cdr,
	Author = {FCC Collaboration },
	Date-Added = {2019-01-07 12:23:02 +0100},
	Date-Modified = {2019-01-07 12:23:51 +0100},
	Title = {FCC Conceptual Design Report},
	Url = {https://indico.cern.ch/event/750953/}}

@article{htt_mssm_18,
	Archiveprefix = {arXiv},
	Author = {Sirunyan, Albert M and others},
	Collaboration = {CMS},
	Date-Added = {2019-01-07 11:38:03 +0100},
	Date-Modified = {2019-01-07 11:38:22 +0100},
	Doi = {10.1007/JHEP09(2018)007},
	Eprint = {1803.06553},
	Journal = {JHEP},
	Pages = {007},
	Primaryclass = {hep-ex},
	Reportnumber = {CMS-HIG-17-020, CERN-EP-2018-026},
	Slaccitation = {%%CITATION = ARXIV:1803.06553;%%},
	Title = {{Search for additional neutral MSSM Higgs bosons in the $\tau\tau$ final state in proton-proton collisions at $\sqrt{s}=$ 13 TeV}},
	Volume = {09},
	Year = {2018},
	Bdsk-Url-1 = {https://doi.org/10.1007/JHEP09(2018)007}}

@url{fccweek-papas,
	Author = {Bernet, C.},
	Date-Added = {2019-01-06 16:28:53 +0100},
	Date-Modified = {2019-01-06 16:30:02 +0100},
	Title = {Papas: A Fast Simulation of the Particle Flow},
	Url = {https://indico.cern.ch/event/656491/contributions/2939165/}}

@article{pdg2016,
	Author = {Patrignani, C. and others},
	Collaboration = {Particle Data Group},
	Date-Added = {2017-08-31 12:54:28 +0000},
	Date-Modified = {2017-08-31 12:54:38 +0000},
	Doi = {10.1088/1674-1137/40/10/100001},
	Journal = {Chin. Phys.},
	Number = {10},
	Pages = {100001},
	Slaccitation = {%%CITATION = CHPHD,C40,100001;%%},
	Title = {{Review of Particle Physics}},
	Volume = {C40},
	Year = {2016},
	Bdsk-Url-1 = {http://dx.doi.org/10.1088/1674-1137/40/10/100001}}

@article{delphes,
	Archiveprefix = {arXiv},
	Author = {de Favereau, J. and Delaere, C. and Demin, P. and Giammanco, A. and Lema{\^\i}tre, V. and Mertens, A. and Selvaggi, M.},
	Collaboration = {DELPHES 3},
	Date-Added = {2017-08-30 13:53:55 +0000},
	Date-Modified = {2017-08-30 13:54:01 +0000},
	Doi = {10.1007/JHEP02(2014)057},
	Eprint = {1307.6346},
	Journal = {JHEP},
	Pages = {057},
	Primaryclass = {hep-ex},
	Slaccitation = {%%CITATION = ARXIV:1307.6346;%%},
	Title = {{DELPHES 3, A modular framework for fast simulation of a generic collider experiment}},
	Volume = {02},
	Year = {2014},
	Bdsk-Url-1 = {http://dx.doi.org/10.1007/JHEP02(2014)057}}

@inproceedings{Peskin:2013xra,
	Archiveprefix = {arXiv},
	Author = {Peskin, Michael E.},
	Booktitle = {{Proceedings, 2013 Community Summer Study on the Future of U.S. Particle Physics: Snowmass on the Mississippi (CSS2013): Minneapolis, MN, USA, July 29-August 6, 2013}},
	Date-Added = {2017-08-30 13:03:38 +0000},
	Date-Modified = {2019-01-06 16:51:37 +0100},
	Eprint = {1312.4974},
	Primaryclass = {hep-ph},
	Reportnumber = {SLAC-PUB-15858},
	Slaccitation = {%%CITATION = ARXIV:1312.4974;%%},
	Title = {{Estimation of LHC and ILC Capabilities for Precision Higgs Boson Coupling Measurements}},
	Url = {https://arxiv.org/abs/1312.4974},
	Year = {2013},
	Bdsk-Url-1 = {http://www.slac.stanford.edu/econf/C1307292/docs/submittedArxivFiles/1312.4974.pdf}}

@url{papas_commits,
	Author = {Bernet, Colin},
	Date-Added = {2017-08-29 16:02:53 +0000},
	Date-Modified = {2017-08-29 16:03:31 +0000},
	Title = {Activit{\'e} de d{\'e}veloppement sur PAPAS},
	Url = {https://github.com/HEP-FCC/heppy/graphs/contributors},
	Bdsk-Url-1 = {https://github.com/HEP-FCC/heppy}}

@url{papas,
	Author = {Bernet, Colin},
	Date-Added = {2017-08-29 15:58:44 +0000},
	Date-Modified = {2017-08-31 14:56:21 +0000},
	Title = {{PAPAS, the PArametrized PArticle Simulation}},
	Url = {https://github.com/HEP-FCC/heppy},
	Bdsk-Url-1 = {https://github.com/HEP-FCC/heppy}}

@url{rapport_samuel,
	Author = {Niang, Samuel},
	Date-Added = {2017-08-29 13:31:05 +0000},
	Date-Modified = {2017-08-29 13:34:30 +0000},
	School = {ENS Lyon, UCBL},
	Title = {Une m{\'e}thode de calibration non param{\'e}trique pour les calorim{\`e}tres de CMS},
	Url = {https://github.com/sniang/rapport-de-stage-M2/blob/master/main.pdf},
	Year = {2017},
	Bdsk-Url-1 = {https://github.com/sniang/rapport-de-stage-M2/blob/master/main.pdf}}

@article{CMS-PRF-14-001,
	Archiveprefix = {arXiv},
	Author = {{CMS Collaboration}},
	Collaboration = {CMS},
	Date-Added = {2017-08-29 08:55:18 +0000},
	Date-Modified = {2018-02-08 14:24:00 +0000},
	Eprint = {1706.04965},
	Journal = {Journal of Instrumentation},
	Month = {12},
	Pages = {10003},
	Primaryclass = {physics.ins-det},
	Reportnumber = {CMS-PRF-14-001, CERN-EP-2017-110},
	Slaccitation = {%%CITATION = ARXIV:1706.04965;%%},
	Title = {{Particle-flow reconstruction and global event description with the CMS detector}},
	Volume = {P},
	Year = {2017}}

@misc{colin-hdr,
	Author = {Colin Bernet},
	Date-Modified = {2019-01-07 14:39:49 +0100},
	Rating = {5},
	Read = {1},
	Title = {{Reconstruction du flux de particules et mise en {\'e}vidence de la d{\'e}sint{\'e}gration du boson de Higgs en paire de $\tau$}},
	Url = {https://drive.google.com/open?id=0B3nnTYQibadjVkVvUi03cGRiYlk},
	Year = {2017},
	Bdsk-Url-1 = {http://irfu.cea.fr/Phocea/file.php?class=std&&file=Doc/Publications/Archives/dapnia-04-10-T.pdf}}

@article{Ageev:2005pq,
	Archiveprefix = {arXiv},
	Author = {Ageev, E.S. and others},
	Collaboration = {COMPASS Collaboration},
	Doi = {10.1016/j.physletb.2005.11.049},
	Eprint = {hep-ex/0511028},
	Journal = {Phys.Lett.},
	Pages = {25-32},
	Primaryclass = {hep-ex},
	Reportnumber = {CERN-PH-EP-2005-049, DAPNIA-05-297},
	Slaccitation = {%%CITATION = HEP-EX/0511028;%%},
	Title = {{Gluon polarization in the nucleon from quasi-real photoproduction of high-p(T) hadron pairs}},
	Url = {http://www.sciencedirect.com/science/article/pii/S0370269305017132},
	Volume = {B633},
	Year = {2006},
	Bdsk-Url-1 = {http://www.sciencedirect.com/science/article/pii/S0370269305017132},
	Bdsk-Url-2 = {http://dx.doi.org/10.1016/j.physletb.2005.11.049}}

@article{Bernet:2005ew,
	Author = {Bernet, C. and Abbon, P. and Ball, J. and Bedfer, Y. and Delagnes, E. and others},
	Doi = {10.1016/j.nima.2004.07.170},
	Journal = {Nucl.Instrum.Meth.},
	Pages = {61-69},
	Slaccitation = {%%CITATION = NUIMA,A536,61;%%},
	Title = {{The 40-cm x 40-cm gaseous microstrip detector Micromegas for the high-luminosity COMPASS experiment at CERN}},
	Url = {http://dx.doi.org/10.1016/j.nima.2004.07.170},
	Volume = {A536},
	Year = {2005},
	Bdsk-Url-1 = {http://dx.doi.org/10.1016/j.nima.2004.07.170}}

@article{CMS-PAS-SUS-10-005,
	Author = {{CMS Collaboration}},
	Journal = {CMS PAS},
	Number = {SUS-10-005},
	Pages = {1},
	Title = {{Search for new physics at CMS with jets and missing momentum}},
	Type = {CMS Physics Analysis Summary},
	Url = {http://cds.cern.ch/record/1343076},
	Year = {2010},
	Bdsk-Url-1 = {http://cds.cern.ch/record/1343076}}

@article{an-fakemet-ra2,
	Author = {Beaudette, F. and Bellan, R. and Benedetti, D. and Bernet, C. and D'Alfonso, M. and Gennai, S. and Gouzevitch, M. and Hegeman, J. and Incandela, J. and Janot, P. and Koay, S.A. and Lowette, S. and McColl, N. and Malgeri, L. and Nguyen, M. and Reece, W. and Rossin, R.},
	Journal = {CMS Analysis Note},
	Pages = {1-33},
	Title = {{Fake Missing Transverse Momentum in the RA2 Analysis}},
	Volume = {383},
	Year = {2010}}

@inproceedings{colin-susy-moriond,
	Author = {Bernet, C.},
	Booktitle = {Proc. $46^{{\`e}mes}$ Rencontres de Moriond},
	Title = {{Searches for Supersymmetry at CMS using the 2010 Data}},
	Url = {https://cds.cern.ch/record/1300480},
	Year = {2011},
	Bdsk-Url-1 = {https://cds.cern.ch/record/1300480}}

@article{higgs-2doublets,
	Archiveprefix = {arXiv},
	Author = {Branco, G. C. and Ferreira, P. M. and Lavoura, L. and Rebelo, M. N. and Sher, Marc and Silva, Joao P.},
	Doi = {10.1016/j.physrep.2012.02.002},
	Eprint = {1106.0034},
	Journal = {Phys. Rept.},
	Pages = {1-102},
	Primaryclass = {hep-ph},
	Slaccitation = {%%CITATION = ARXIV:1106.0034;%%},
	Title = {{Theory and phenomenology of two-Higgs-doublet models}},
	Volume = {516},
	Year = {2012},
	Bdsk-Url-1 = {http://dx.doi.org/10.1016/j.physrep.2012.02.002}}

@article{higgs-pdg-2014,
	Author = {Olive, K. A. and others},
	Collaboration = {Particle Data Group},
	Doi = {10.1088/1674-1137/38/9/090001},
	Journal = {Chin. Phys.},
	Pages = {090001},
	Slaccitation = {%%CITATION = CHPHD,C38,090001;%%},
	Title = {{Review of Particle Physics, Status of Higgs Boson Physics}},
	Volume = {C38},
	Year = {2014},
	Bdsk-Url-1 = {http://dx.doi.org/10.1088/1674-1137/38/9/090001}}

@article{cms-higgs-fermions-nature,
	Archiveprefix = {arXiv},
	Author = {Chatrchyan, Serguei and others},
	Collaboration = {CMS},
	Doi = {10.1038/nphys3005},
	Eprint = {1401.6527},
	Journal = {Nature Phys.},
	Pages = {557-560},
	Primaryclass = {hep-ex},
	Reportnumber = {CMS-HIG-13-033, CERN-PH-EP-2014-004},
	Slaccitation = {%%CITATION = ARXIV:1401.6527;%%},
	Title = {{Evidence for the direct decay of the 125 GeV Higgs boson to fermions}},
	Volume = {10},
	Year = {2014},
	Bdsk-Url-1 = {http://dx.doi.org/10.1038/nphys3005}}

@article{higgs-cms,
	Archiveprefix = {arXiv},
	Author = {Chatrchyan, Serguei and others},
	Collaboration = {CMS},
	Doi = {10.1007/JHEP06(2013)081},
	Eprint = {1303.4571},
	Journal = {JHEP},
	Pages = {081},
	Primaryclass = {hep-ex},
	Reportnumber = {CMS-HIG-12-036, CERN-PH-EP-2013-035},
	Slaccitation = {%%CITATION = ARXIV:1303.4571;%%},
	Title = {{Observation of a new boson with mass near 125 GeV in pp collisions at $\sqrt{s}$ = 7 and 8 TeV}},
	Volume = {06},
	Year = {2013},
	Bdsk-Url-1 = {http://dx.doi.org/10.1007/JHEP06(2013)081}}

@article{higgs-atlas,
	Archiveprefix = {arXiv},
	Author = {{ATLAS Collaboration}},
	Collaboration = {ATLAS},
	Doi = {10.1016/j.physletb.2012.08.020},
	Eprint = {1207.7214},
	Journal = {Phys. Lett.},
	Pages = {1-29},
	Primaryclass = {hep-ex},
	Reportnumber = {CERN-PH-EP-2012-218},
	Slaccitation = {%%CITATION = ARXIV:1207.7214;%%},
	Title = {{Observation of a new particle in the search for the Standard Model Higgs boson with the ATLAS detector at the LHC}},
	Volume = {B716},
	Year = {2012},
	Bdsk-Url-1 = {http://dx.doi.org/10.1016/j.physletb.2012.08.020}}

@article{CMS-PAS-HIG-13-004,
	Author = {{CMS Collaboration}},
	Journal = {CMS PAS},
	Number = {HIG-13-004},
	Pages = {1},
	Title = {{Search for the Standard-Model Higgs boson decaying to tau pairs in proton-proton collisions at sqrt(s) = 7 and 8 TeV}},
	Type = {CMS Physics Analysis Summary},
	Url = {http://cds.cern.ch/record/1528271},
	Year = {2013},
	Bdsk-Url-1 = {http://cds.cern.ch/record/1528271}}

@article{CMS-PAPER-HIG-13-004,
	Author = {CMS Collaboration},
	Doi = {10.1007/JHEP05(2014)104},
	Eid = {104},
	Journal = {Journal of High Energy Physics},
	Keywords = {Hadron-Hadron Scattering; Higgs physics},
	Language = {English},
	Number = {5},
	Publisher = {Springer Berlin Heidelberg},
	Title = {Evidence for the 125 {GeV} Higgs boson decaying to a pair of tau leptons},
	Url = {http://dx.doi.org/10.1007/JHEP05%282014%29104},
	Volume = {2014},
	Year = {2014},
	Bdsk-Url-1 = {http://dx.doi.org/10.1007/JHEP05%282014%29104},
	Bdsk-Url-2 = {http://dx.doi.org/10.1007/JHEP05(2014)104}}

@article{LEP3,
	Archiveprefix = {arXiv},
	Author = {Azzi, Patrizia and Bernet, Colin and Botta, Cristina and Janot, Patrick and Klute, Markus and others},
	Date-Modified = {2017-08-30 16:26:18 +0000},
	Eprint = {1208.1662},
	Journal = {eprint\vspace{5pt}},
	Primaryclass = {hep-ex},
	Reportnumber = {CMS-NOTE-2012-003},
	Slaccitation = {%%CITATION = ARXIV:1208.1662;%%},
	Title = {{Prospective Studies for LEP3 with the CMS Detector}},
	Url = {http://arxiv.org/abs/1208.1662},
	Year = {2012},
	Bdsk-Url-1 = {http://arxiv.org/abs/1208.1662}}

@article{TLEP,
	Author = {Bicer, M. and others},
	Doi = {10.1007/JHEP01(2014)164},
	Eid = {164},
	Journal = {Journal of High Energy Physics},
	Keywords = {e+-e- Experiments},
	Language = {English},
	Number = {1},
	Publisher = {Springer Berlin Heidelberg},
	Title = {First look at the physics case of {TLEP}},
	Url = {http://dx.doi.org/10.1007/JHEP01%282014%29164},
	Volume = {2014},
	Year = {2014},
	Bdsk-Url-1 = {http://dx.doi.org/10.1007/JHEP01%282014%29164},
	Bdsk-Url-2 = {http://dx.doi.org/10.1007/JHEP01(2014)164}}

@inproceedings{CMS:2013xfa,
	Archiveprefix = {arXiv},
	Booktitle = {{Community Summer Study 2013: Snowmass on the Mississippi (CSS2013) Minneapolis, MN, USA, July 29-August 6, 2013}},
	Collaboration = {CMS},
	Eprint = {1307.7135},
	Reportnumber = {CMS-NOTE-13-002},
	Slaccitation = {%%CITATION = ARXIV:1307.7135;%%},
	Title = {{Projected Performance of an Upgraded CMS Detector at the LHC and HL-LHC: Contribution to the Snowmass Process}},
	Url = {http://inspirehep.net/record/1244669/files/arXiv:1307.7135.pdf},
	Year = {2013},
	Bdsk-Url-1 = {http://inspirehep.net/record/1244669/files/arXiv:1307.7135.pdf}}

@article{hllhc,
	Author = {CERN},
	Title = {{High Luminosity Upgrade for the LHC}},
	Url = {http://hilumilhc.web.cern.ch},
	Bdsk-Url-1 = {http://hilumilhc.web.cern.ch}}

@article{atlas-detector,
	Abstract = {The ATLAS detector as installed in its experimental cavern at point 1 at CERN is described in this paper. A brief overview of the expected performance of the detector when the Large Hadron Collider begins operation is also presented.},
	Author = {ATLAS collaboration},
	Journal = {Journal of Instrumentation},
	Number = {08},
	Pages = {S08003},
	Title = {{The ATLAS Experiment at the CERN Large Hadron Collider}},
	Url = {http://stacks.iop.org/1748-0221/3/i=08/a=S08003},
	Volume = {3},
	Year = {2008},
	Bdsk-Url-1 = {http://stacks.iop.org/1748-0221/3/i=08/a=S08003}}

@article{cms-detector,
	Abstract = {The Compact Muon Solenoid (CMS) detector is described. The detector operates at the Large Hadron Collider (LHC) at CERN. It was conceived to study proton-proton (and lead-lead) collisions at a centre-of-mass energy of 14 TeV (5.5 TeV nucleon-nucleon) and at luminosities up to 10 34 cm −2 s −1 (10 27 cm −2 s −1 ). At the core of the CMS detector sits a high-magnetic-field and large-bore superconducting solenoid surrounding an all-silicon pixel and strip tracker, a lead-tungstate scintillating-crystals electromagnetic calorimeter, and a brass-scintillator sampling hadron calorimeter. The iron yoke of the flux-return is instrumented with four stations of muon detectors covering most of the 4π solid angle. Forward sampling calorimeters extend the pseudorapidity coverage to high values (|η| ≤ 5) assuring very good hermeticity. The overall dimensions of the CMS detector are a length of 21.6 m, a diameter of 14.6 m and a total weight of 12500 t.},
	Collaboration = {CMS collaboration},
	Journal = {Journal of Instrumentation},
	Number = {08},
	Pages = {S08004},
	Title = {The CMS experiment at the CERN LHC},
	Url = {http://stacks.iop.org/1748-0221/3/i=08/a=S08004},
	Volume = {3},
	Year = {2008},
	Bdsk-Url-1 = {http://stacks.iop.org/1748-0221/3/i=08/a=S08004}}

@article{cdf-detector,
	Author = {CDF collaboration},
	Doi = {http://dx.doi.org/10.1016/0168-9002(88)90298-7},
	Issn = {0168-9002},
	Journal = {Nuclear Instruments and Methods in Physics Research Section A: Accelerators, Spectrometers, Detectors and Associated Equipment},
	Number = {3},
	Pages = {387 - 403},
	Title = {{The CDF detector: an overview}},
	Url = {http://www.sciencedirect.com/science/article/pii/0168900288902987},
	Volume = {271},
	Year = {1988},
	Bdsk-Url-1 = {http://www.sciencedirect.com/science/article/pii/0168900288902987},
	Bdsk-Url-2 = {http://dx.doi.org/10.1016/0168-9002(88)90298-7}}

@article{d0-detector,
	Author = {Abachi, S. and others},
	Collaboration = {D0},
	Doi = {10.1016/0168-9002(94)91312-9},
	Journal = {Nucl. Instrum. Meth.},
	Pages = {185-253},
	Reportnumber = {FERMILAB-PUB-93-179-E, D0-1808},
	Slaccitation = {%%CITATION = NUIMA,A338,185;%%},
	Title = {{The D0 Detector}},
	Volume = {A338},
	Year = {1994},
	Bdsk-Url-1 = {http://dx.doi.org/10.1016/0168-9002(94)91312-9}}

@article{d0-detector-upgrade,
	Archiveprefix = {arXiv},
	Author = {Abazov, V. M. and others},
	Collaboration = {D0},
	Doi = {10.1016/j.nima.2006.05.248},
	Eprint = {physics/0507191},
	Journal = {Nucl. Instrum. Meth.},
	Pages = {463-537},
	Primaryclass = {physics.ins-det},
	Reportnumber = {FERMILAB-PUB-05-341-E},
	Slaccitation = {%%CITATION = PHYSICS/0507191;%%},
	Title = {{The Upgraded D0 detector}},
	Volume = {A565},
	Year = {2006},
	Bdsk-Url-1 = {http://dx.doi.org/10.1016/j.nima.2006.05.248}}

@article{aleph-performance,
	Author = {Buskulic, D. and others},
	Collaboration = {ALEPH},
	Doi = {10.1016/0168-9002(95)00138-7},
	Journal = {Nucl. Instrum. Meth.},
	Pages = {481-506},
	Reportnumber = {CERN-PPE-94-170, FSU-SCRI-95-70},
	Slaccitation = {%%CITATION = NUIMA,A360,481;%%},
	Title = {{Performance of the ALEPH detector at LEP}},
	Volume = {A360},
	Year = {1995},
	Bdsk-Url-1 = {http://dx.doi.org/10.1016/0168-9002(95)00138-7}}

@misc{colin-pftalk-epseminar-2009,
	Author = {Colin Bernet},
	Journal = {{CERN EP-PP Seminar}},
	Title = {{Important CMS upgrade: Particle-Flow Event Reconstruction}},
	Url = {https://indico.cern.ch/event/52852/},
	Year = 2009,
	Bdsk-Url-1 = {https://indico.cern.ch/event/52852/}}

@article{CMS-PAS-PFT-09-001,
	Author = {{CMS Collaboration}},
	Journal = {CMS PAS},
	Number = {PFT-09-001},
	Pages = {1},
	Title = {{Particle-Flow Event Reconstruction in CMS and Performance for Jets, Taus, and MET}},
	Type = {CMS Physics Analysis Summary},
	Url = {http://cds.cern.ch/record/1194487},
	Year = {2009},
	Bdsk-Url-1 = {http://cds.cern.ch/record/1194487}}

@article{CMS-PAS-PFT-10-001,
	Author = {{CMS Collaboration}},
	Journal = {CMS PAS},
	Number = {PFT-10-001},
	Pages = {1},
	Title = {{Commissioning of the Particle-Flow Event Reconstruction with the first LHC collisions recorded in the CMS detector}},
	Type = {CMS Physics Analysis Summary},
	Url = {http://cds.cern.ch/record/1247373},
	Year = {2010},
	Bdsk-Url-1 = {http://cds.cern.ch/record/1247373}}

@article{CMS-PAS-PFT-10-002,
	Author = {{CMS Collaboration}},
	Journal = {CMS PAS},
	Number = {PFT-10-002},
	Pages = {1},
	Title = {{Commissioning of the Particle-Flow Event Reconstruction in Minimum-Bias and Jet Events from pp Collisions at 7 TeV}},
	Type = {CMS Physics Analysis Summary},
	Url = {http://cdsweb.cern.ch/record/1279341},
	Year = {2010},
	Bdsk-Url-1 = {http://cdsweb.cern.ch/record/1279341}}

@article{CMS-PAS-PFT-10-003,
	Author = {{CMS Collaboration}},
	Journal = {CMS PAS},
	Number = {PFT-10-003},
	Pages = {1},
	Title = {{Particle-Flow commissioning with muons and electrons from $J/\psi$ and W events at 7~TeV}},
	Type = {CMS Physics Analysis Summary},
	Url = {http://cdsweb.cern.ch/record/1279347},
	Year = {2010},
	Bdsk-Url-1 = {http://cdsweb.cern.ch/record/1279347}}

@article{pandora,
	Archiveprefix = {arXiv},
	Author = {Thomson, M. A.},
	Doi = {10.1016/j.nima.2009.09.009},
	Eprint = {0907.3577},
	Journal = {Nucl. Instrum. Meth.},
	Pages = {25-40},
	Primaryclass = {physics.ins-det},
	Reportnumber = {CU-HEP-09-11},
	Slaccitation = {%%CITATION = ARXIV:0907.3577;%%},
	Title = {{Particle Flow Calorimetry and the PandoraPFA Algorithm}},
	Volume = {A611},
	Year = {2009},
	Bdsk-Url-1 = {http://dx.doi.org/10.1016/j.nima.2009.09.009}}

@article{fastjet-manual,
	Archiveprefix = {arXiv},
	Author = {Cacciari, Matteo and Salam, Gavin P. and Soyez, Gregory},
	Doi = {10.1140/epjc/s10052-012-1896-2},
	Eprint = {1111.6097},
	Journal = {Eur. Phys. J.},
	Pages = {1896},
	Primaryclass = {hep-ph},
	Reportnumber = {CERN-PH-TH-2011-297},
	Slaccitation = {%%CITATION = ARXIV:1111.6097;%%},
	Title = {{FastJet User Manual}},
	Volume = {C72},
	Year = {2012},
	Bdsk-Url-1 = {http://dx.doi.org/10.1140/epjc/s10052-012-1896-2}}

@misc{albers,
	Author = {Hegner, B. and Bernet, C.},
	Title = {{albers (podio), an event data model library for high-energy physics}},
	Url = {https://github.com/HEP-FCC/albers-core/graphs/contributors},
	Bdsk-Url-1 = {https://github.com/HEP-FCC/albers-core/graphs/contributors}}

@misc{fccedm,
	Author = {Bernet, C.},
	Title = {{An event data model for the FCC}},
	Url = {https://github.com/HEP-FCC/fcc-edm/graphs/contributors},
	Bdsk-Url-1 = {https://github.com/HEP-FCC/fcc-edm/graphs/contributors}}

@misc{fccsw,
	Author = {Bernet, C. and Hegner, B. and Helsens, C.},
	Title = {{The FCC software framework}},
	Url = {https://github.com/HEP-FCC/FCCSW/graphs/contributors},
	Bdsk-Url-1 = {https://github.com/HEP-FCC/FCCSW/graphs/contributors}}

@misc{aida2020,
	Author = {CERN},
	Title = {{AIDA-2020, Advanced European Infrastructures for Detectors and Accelerators}},
	Url = {http://aida2020.web.cern.ch/},
	Bdsk-Url-1 = {http://aida2020.web.cern.ch/}}

@misc{gaudi,
	Author = {CERN},
	Title = {{Gaudi}},
	Url = {http://proj-gaudi.web.cern.ch/proj-gaudi/},
	Bdsk-Url-1 = {http://proj-gaudi.web.cern.ch/proj-gaudi/}}

@misc{cmssw,
	Author = {{CMS Collaboration}},
	Title = {{CMSSW}},
	Url = {https://twiki.cern.ch/twiki/bin/view/CMSPublic/WorkBookCMSSWFramework},
	Bdsk-Url-1 = {https://twiki.cern.ch/twiki/bin/view/CMSPublic/WorkBookCMSSWFramework}}

@misc{marlin,
	Author = {{ILC and CLIC Collaborations}},
	Title = {{Marlin}},
	Url = {http://ilcsoft.desy.de/portal/software_packages/marlin/index_eng.html},
	Bdsk-Url-1 = {http://ilcsoft.desy.de/portal/software_packages/marlin/index_eng.html}}

@misc{heppy,
	Author = {Bernet, C.},
	Date-Modified = {2017-08-31 14:54:30 +0000},
	Title = {{heppy, a generic event processing framework for high-energy physics}},
	Url = {https://github.com/cbernet/heppy},
	Bdsk-Url-1 = {https://github.com/cbernet/heppy}}

@article{mapreduce,
	Acmid = {1327492},
	Address = {New York, NY, USA},
	Author = {Dean, Jeffrey and Ghemawat, Sanjay},
	Doi = {10.1145/1327452.1327492},
	Issn = {0001-0782},
	Issue_Date = {January 2008},
	Journal = {Commun. ACM},
	Month = jan,
	Number = {1},
	Numpages = {7},
	Pages = {107--113},
	Publisher = {ACM},
	Title = {MapReduce: Simplified Data Processing on Large Clusters},
	Url = {http://doi.acm.org/10.1145/1327452.1327492},
	Volume = {51},
	Year = {2008},
	Bdsk-Url-1 = {http://doi.acm.org/10.1145/1327452.1327492},
	Bdsk-Url-2 = {http://dx.doi.org/10.1145/1327452.1327492}}

@article{rev-HIG-14-019,
	Author = {{CMS Collaboration}},
	Journal = {JHEP},
	Pages = {(to be submitted)},
	Title = {Search for NMSSM h2(125) to h1h1 to four tau}}

@article{rev-TAU-14-001,
	Author = {{CMS Collaboration}},
	Journal = {Journal of Instrumentation},
	Pages = {(to be submitted)},
	Title = {Tau identification performance in run 1}}

@article{rev-SUS-10-009,
	Author = {{CMS Collaboration}},
	Doi = {10.1103/PhysRevD.85.012004},
	Issue = {1},
	Journal = {Phys. Rev. D},
	Month = {Jan},
	Numpages = {23},
	Pages = {012004},
	Publisher = {American Physical Society},
	Title = {Inclusive search for squarks and gluinos in $pp$ collisions at $\sqrt{s}\mathbf{=}7\text{ }\text{ }\mathrm{TeV}$},
	Url = {http://link.aps.org/doi/10.1103/PhysRevD.85.012004},
	Volume = {85},
	Year = {2012},
	Bdsk-Url-1 = {http://link.aps.org/doi/10.1103/PhysRevD.85.012004},
	Bdsk-Url-2 = {http://dx.doi.org/10.1103/PhysRevD.85.012004}}

@article{rev-JME-12-002,
	Author = {{CMS Collaboration}},
	Journal = {CMS PAS},
	Number = {JME-12-002},
	Pages = {1},
	Title = {{MET performance in 8 TeV data}},
	Url = {http://cds.cern.ch/record/1543527},
	Year = {2012},
	Bdsk-Url-1 = {http://cds.cern.ch/record/1543527}}

@article{rev-HIG-13-019,
	Author = {{CMS Collaboration}},
	Journal = {CMS PAS},
	Number = {HIG-13-019},
	Pages = {1},
	Title = {{Search for Higgs Boson Production in Association with a Top-Quark Pair and Decaying to Bottom Quarks or Tau Leptons}},
	Url = {http://cds.cern.ch/record/1564682},
	Year = {2013},
	Bdsk-Url-1 = {http://cds.cern.ch/record/1564682}}
